% This file was created with Citavi 6.11.0.0

@book{Fasoulas2017,
address = {{Berlin, Heidelberg}},
author = {Messerschmid, Ernst and Fasoulas, Stefanos},
doi = {10.1007/978-3-662-49638-1},
isbn = {978-3-662-49638-1},
edition = {5},
publisher = {Springer Vieweg},
title = {{Raumfahrtsysteme - Eine Einführung mit Übungen und Lösungen}},
year = {2017}
}

@book{Sutton2001,
address = {Hoboken, NJ, USA},
annote = {-Motion in the atmosphere P. 128},
author = {Sutton, George P. and Biblarz, Oscar},
edition = {9},
isbn = { 978-1-118-75365-1},
publisher = {John Wiley {\&} Sons, Inc.},
title = {{Rocket propulsion elements : an introduction to the engineering of rockets}},
year = {2017}
}

@booklet{ESA2016,
author = {Arianespace},
number = {2},
title = {{Ariane 6 User's Manual - Issue 2 Revision 0}},
url = {https://www.arianespace.com/wp-content/uploads/2021/03/Mua-6_Issue-2_Revision-0_March-2021.pdf},
year = {2021}
}

@online{EuropeanSpaceAgency2021,
author = {{European Space Agency}},
title = {{FLPP preparing for Europe's next-generation launcher}},
url = {https://www.esa.int/Enabling_Support/Space_Transportation/New_Technologies/FLPP_preparing_for_Europe_s_next-generation_launcher},
note = {[Online]},
addendum = {Abgerufen am: 23.06.2021},
year = {2021}
}

@manual{ECSS2009,
address = {Noordwijk, Niederlande},
abstract = {Test},
author = {{European Cooperation For Space Standardization}},
title = {{ECSS-E-ST-10-06C: Technical requirements specification}},
note = {ESA-ESTEC},
year = {2009}
}

@article{Dallas.2020,
 author = {Dallas, J. A. and Raval, S. and {Alvarez Gaitan}, J. P. and Saydam, S. and Dempster, A. G.},
 year = {2020},
 title = {The environmental impact of emissions from space launches: A comprehensive review},
 keywords = {Environmental impact;Propellants;Space launch},
 pages = {120209},
 volume = {255},
 issn = {0959-6526},
 journal = {Journal of Cleaner Production},
 doi = {https://doi.org/10.1016/j.jclepro.2020.120209},
}

@inproceedings{Edwards.07072002,
 author = {Edwards, Tim},
 title = {Kerosene Fuels for Aerospace Propulsion - Composition and Properties},
 publisher = {{American Institute of Aeronautics and Astronautics}},
 isbn = {978-1-62410-115-1},
 booktitle = {38th AIAA/ASME/SAE/ASEE Joint Propulsion Conference {\&} Exhibit},
 year = {2002},
 address = {Reston, Virigina},
 doi = {10.2514/6.2002-3874},
}

@manual{Cicerone.051973,
 author = {Cicerone, R. J. and Stedmam, D. H. and Stolarski, R. S. and Dingle, A. N. and Cellarius, R. A.},
 date = {1973},
 title = {Assessment of possible environmental effects of space shuttle operations},
 organization = {NASA - George C. Marshall Space Flight Center, Alabama},
 url = {https://ntrs.nasa.gov/api/citations/19750016090/downloads/19750016090.pdf},
}

@misc{Chanoine.2017,
 author = {Chanoine, Augustin},
 year = {2017},
 title = {Environmental impacts of launchers and space missions},
 howpublished = {Clean Space Industrial Days},
 file = {2017{\_}CSID{\_}Chanoine{\_}LCA{\_}launcher{\_}space{\_}missions{\_}FV:Attachments/2017{\_}CSID{\_}Chanoine{\_}LCA{\_}launcher{\_}space{\_}missions{\_}FV.PDF:application/pdf}
}

@phdthesis{AdelePoubeau.2015,
 author = {Poubeau, Ad{\`e}le },
 year = {2015},
 title = {Simulation des {\'e}missions d'un moteur {\`a} propergol solide : vers une mod{\'e}lisation multi-{\'e}chelle de l'impact atmosph{\'e}rique des lanceurs},
 address = {Universit{\'e} Toulouse 3 Paul Sabatier},
 school = {Toulouse},
 type = {Th{\`e}se de doctorat},
 url = {http://thesesups.ups-tlse.fr/2742/},
}

@misc{Fischer,
 author = {Name},
 year = {2022},
 title = {Pers"onliche Mitteilung vom 01. Juni},
}